<?xml version="1.0" encoding="UTF-8"?><collection xmlns="http://www.loc.gov/MARC21/slim"><record><leader>00475nam--2200181-i-4500</leader><controlfield tag="001">000020902</controlfield><controlfield tag="002">20161230</controlfield><controlfield tag="005">20161230201033</controlfield><controlfield tag="008">060222s1000------------r-----000-0-eng-d</controlfield><datafield ind1=" " ind2=" " tag="020"><subfield code="a">9519498982</subfield></datafield><datafield ind1=" " ind2=" " tag="040"><subfield code="a">IFIN-HH</subfield></datafield><datafield ind1=" " ind2=" " tag="080"><subfield code="a">535.374(043)</subfield></datafield><datafield ind1="1" ind2=" " tag="100"><subfield code="a">Engman, Sonja</subfield></datafield><datafield ind1="1" ind2="0" tag="245"><subfield code="a">New characteristics and applications of echelle gratings</subfield><subfield code="c">Sonja engman</subfield></datafield><datafield ind1=" " ind2=" " tag="260"><subfield code="a">Abo</subfield><subfield code="b">Akademis Forlag</subfield><subfield code="c">1991</subfield></datafield><datafield ind1=" " ind2=" " tag="300"><subfield code="a">22 P</subfield></datafield><datafield ind1=" " ind2=" " tag="852"><subfield code="a">79963</subfield><subfield code="c">535</subfield></datafield><datafield ind1=" " ind2=" " tag="CAT"><subfield code="a">Sys</subfield><subfield code="c">20101129</subfield><subfield code="h">130310</subfield></datafield></record></collection>